
 
@Control{achemso-control,
  ctrl-article-title  = "yes",
  ctrl-chapter-title  = "no",
  ctrl-doi            = "no",
  ctrl-etal-number    = "15",
  ctrl-etal-firstonly = "yes",
}


@article{Anderson1975,
author = {Anderson,James B. },
title = {A random-walk simulation of the Schr\"{o}dinger equation: H+3},
journal = {The Journal of Chemical Physics},
volume = {63},
number = {4},
pages = {1499-1503},
year = {1975},
doi = {10.1063/1.431514},

URL = { 
        https://doi.org/10.1063/1.431514
    
},
eprint = { 
        https://doi.org/10.1063/1.431514
    
}

}

@article{Faber1996,
author = {Kosztin,Ioan  and Faber,Byron  and Schulten,Klaus },
title = {Introduction to the diffusion Monte Carlo method},
journal = {American Journal of Physics},
volume = {64},
number = {5},
pages = {633-644},
year = {1996},
doi = {10.1119/1.18168},

URL = { 
        https://doi.org/10.1119/1.18168
    
},
eprint = { 
        https://doi.org/10.1119/1.18168
    
}

}

@article{Tao2014,
author = {Pang,Tao },
title = {Diffusion Monte Carlo: A powerful tool for studying quantum many-body systems},
journal = {American Journal of Physics},
volume = {82},
number = {10},
pages = {980-988},
year = {2014},
doi = {10.1119/1.4890824},

URL = { 
        https://doi.org/10.1119/1.4890824
    
},
eprint = { 
        https://doi.org/10.1119/1.4890824
    
}

}

@article{Reynolds1982,
author = {Reynolds,Peter J.  and Ceperley,David M.  and Alder,Berni J.  and Lester,William A. },
title = {Fixed‐node quantum Monte Carlo for moleculesa) b)},
journal = {The Journal of Chemical Physics},
volume = {77},
number = {11},
pages = {5593-5603},
year = {1982},
doi = {10.1063/1.443766},

URL = { 
        https://doi.org/10.1063/1.443766
    
},
eprint = { 
        https://doi.org/10.1063/1.443766
    
}

}

@article{Anderson1976,
author = {Anderson,James B. },
title = {Quantum chemistry by random walk. H 2P, H+3 D3h 1A′1, H2 3Σ+u, H4 1Σ+g, Be 1S},
journal = {The Journal of Chemical Physics},
volume = {65},
number = {10},
pages = {4121-4127},
year = {1976},
doi = {10.1063/1.432868},

URL = { 
        https://doi.org/10.1063/1.432868
    
},
eprint = { 
        https://doi.org/10.1063/1.432868
    
}

}

@article{Englezos1993,
author = {Englezos, Peter},
title = {Clathrate hydrates},
journal = {Industrial \& Engineering Chemistry Research},
volume = {32},
number = {7},
pages = {1251-1274},
year = {1993},
doi = {10.1021/ie00019a001},

URL = { 
        https://doi.org/10.1021/ie00019a001
    
},
eprint = { 
        https://doi.org/10.1021/ie00019a001
    
}

}

@article{Mallory2015,
author = {Mallory, Joel D. and Brown, Sandra E. and Mandelshtam, Vladimir A.},
title = {Assessing the Performance of the Diffusion Monte Carlo Method As Applied to the Water Monomer, Dimer, and Hexamer},
journal = {The Journal of Physical Chemistry A},
volume = {119},
number = {24},
pages = {6504-6515},
year = {2015},
doi = {10.1021/acs.jpca.5b02511},
    note ={PMID: 26001418},

URL = { 
        https://doi.org/10.1021/acs.jpca.5b02511
    
},
eprint = { 
        https://doi.org/10.1021/acs.jpca.5b02511
    
}

}

@article{Buli2018,
author = {Bulik, Ireneusz W. and Frisch, Michael J. and Vaccaro, Patrick H.},
title = {Fixed-Node, Importance-Sampling Diffusion Monte Carlo for Vibrational Structure with Accurate and Compact Trial States},
journal = {Journal of Chemical Theory and Computation},
volume = {14},
number = {3},
pages = {1554-1563},
year = {2018},
doi = {10.1021/acs.jctc.8b00016},
    note ={PMID: 29466664},

URL = { 
        https://doi.org/10.1021/acs.jctc.8b00016
    
},
eprint = { 
        https://doi.org/10.1021/acs.jctc.8b00016
    
}

}

@article{Lee2019,
author = {Lee, Victor
G. M. and McCoy, Anne B.},
title = {An Efficient Approach for Studies of Water Clusters Using Diffusion Monte Carlo},
journal = {The Journal of Physical Chemistry A},
volume = {123},
number = {37},
pages = {8063-8070},
year = {2019},
doi = {10.1021/acs.jpca.9b06444},
    note ={PMID: 31408352},

URL = { 
        https://doi.org/10.1021/acs.jpca.9b06444
    
},
eprint = { 
        https://doi.org/10.1021/acs.jpca.9b06444
    
}

}

@article{Urimgar1993,
author = {Umrigar,C. J.  and Nightingale,M. P.  and Runge,K. J. },
title = {A diffusion Monte Carlo algorithm with very small time‐step errors},
journal = {The Journal of Chemical Physics},
volume = {99},
number = {4},
pages = {2865-2890},
year = {1993},
doi = {10.1063/1.465195},

URL = { 
        https://doi.org/10.1063/1.465195
    
},
eprint = { 
        https://doi.org/10.1063/1.465195
    
}

}
